@BOOK{Golumbic2004,
AUTHOR = {M. C. Golumbic},
TITLE = {Algorithmic Graph Theory and Perfect Graphs},
PUBLISHER = {Elsevier Science},
YEAR = {2004},
edition = {2nd Edition},
}